@book{book_key,
	address = {Москва},
	author = {ГОСТ},
	title = {ГОСТ 20999-83 - Устройства числового программного управления для металлообрабатывающего оборудования. Кодирование информации управляющих программ},
	year = {1983},
	pages = {1--26},
}

@article{article_key,
	address = {Москва},
	title = {ГОСТ 20999-83 - Устройства числового программного управления для металлообрабатывающего оборудования. Кодирование информации управляющих программ},
	pages = {1--26},
}
